@comment{x-kbibtex-personnameformatting=<%l><, %f>}

@misc{michael2004,
	author = "Ward, Doug and Ofri, Tony and Perdriel, Florence",
	editor = "City, Michael Page",
	title = "{Interview preparation for junior quant}",
	year = "2004"
}

@manual{PDGuide,
	author = "Paul and Dominique",
	editor = "PaulDominique",
	title = "{Paul \& Dominique Guide to Quant Career}",
	year = "2007"
}

@manual{advise,
	author = "Joshi, Mark",
	title = "{On Becoming a Quant}",
	year = "2012"
}

@book{mathfiElliot,
	author = "Elliott, Robert J and Kopp, P. Ekkehard",
	booktitle = "{Mathematics of Financial Markets}",
	edition = "2nd",
	editor = "Spinger",
	isbn = "978-0-387-21292-0",
	publisher = "Springer New York",
	series = "{Springer Finance}",
	title = "{Mathematics of Financial Markets}",
	year = "2004"
}

@book{mathfiMarek,
	author = "Musiela, Marek and Rutkowski, Marek",
	booktitle = "{Martingale Methods in Financial Modelling}",
	edition = "2nd",
	isbn = "978-3-540-26653-2",
	publisher = "Spinger",
	series = "{Stochastic Modelling and Applied Probability}",
	title = "{Martingale Methods in Financial Modelling}",
	year = "2005"
}

@misc{rouah,
	author = "Rouah, Fabrice",
	booktitle = "{http://www.frouah.com/pages/finmath.html}",
	title = "{http://www.frouah.com/pages/finmath.html}"
}

@book{hull,
	author = "C.Hull, John",
	booktitle = "{Options, Futures and other derivatives}",
	edition = "7",
	editor = "Peason",
	year = "2008"
}

