@comment{x-kbibtex-personnameformatting=<%l><, %f>}

@book{BRIGO2006,
	author = "Brigo, Damiano and Fabio, Mercurio",
	booktitle = "{Interest Rate Models - Theory and pratice}",
	edition = "2nd",
	editor = "Spinger",
	publisher = "Springer New York",
	title = "{Interest Rate Models - Theory and pratice}",
	year = "2006"
}

@misc{THAI2013,
	author = "Adrien, Thai",
	title = "{Off-cycle internship at Lunalogic}",
	year = "2013"
}

@misc{BRIGO2005,
	author = "Brigo, Damiano",
	school = "Bocconi University",
	series = "{Lecture note Fixed Incomes advanced methods}",
	title = "{Lecture note Fixed Incomes advanced methods}",
	year = "2005"
}

