@comment{x-kbibtex-personnameformatting=<%l><, %f>}

@article{KP,
	author = "PHAM, Huyen and IDRIS, Kharroubi",
	title = "{Optimal portfolio liquidation with execution cost and risk}",
	year = "2009"
}

@article{GMP,
	author = "GUILBAUD, Fabien and MNIF, Mohamed and PHAM, Huyen",
	journal = "Computational Finance",
	title = "{ Numerical methods for an optimal order execution problem}",
	year = "2010"
}

@article{GP,
	author = "PAGES, Gille",
	journal = "Journal Comp. and Applied Mathematics",
	title = "{A space vector quantization method for numerical integration}",
	year = "1997"
}

@article{GPHP,
	author = "PAGES, Gille and PHAM, Huyen and PRINTEMPS, Jaques",
	journal = "Handbook on Numerical Methods in Finance",
	title = "{Optimal quantization methods and applications to numerical problems in finance}",
	year = "2003"
}

@book{NARANG,
	author = "NARANG, Rishi K",
	publisher = "Wiley",
	title = "{Inside the Black Box : A simple guide to quantitative and high-frequency trading}",
	year = "2013"
}

@article{KUSH,
	author = "KUSHNER, Harold J",
	journal = "Academic Press New York",
	title = "{Probability Methods for Approximations in Stochastic Control and for Elliptic Equations}",
	year = "1977"
}

@article{DJ,
	author = "DEBRABANT, Kristian and JAKOBSEN, Espen R",
	journal = "Math computation",
	title = "{Semi-Lagrangian schemes for linear and fully non-linear diffusion equations}",
	year = "2013"
}

@book{BRIAN,
	author = "KOEPPEL, Brian J and SUBHASH, Ghatu",
	journal = "Solid Mech and Applications",
	title = "{Dynamic Indentation Hardness of Metals}",
	year = "2002"
}

