@comment{x-kbibtex-personnameformatting=<%l><, %f>}

@book{mathfiElliot,
	author = "Elliott, Robert J and Kopp, P. Ekkehard",
	booktitle = "{Mathematics of Financial Markets}",
	edition = "2nd",
	editor = "Spinger",
	isbn = "978-0-387-21292-0",
	publisher = "Springer New York",
	series = "{Springer Finance}",
	title = "{Mathematics of Financial Markets}",
	year = "2004"
}

@book{Oksendal,
	author = "Oksendal, Bernt",
	booktitle = "{Stochastic Differential Equations: An Introduction with Applications}",
	edition = "6th",
	publisher = "Springer New York",
	title = "{Stochastic Differential Equations: An Introduction with Applications}",
	year = "2010"
}

@article{Debrabant,
	author = "Debrabant, Kristian and Jakobsen, Espen R.",
	journal = "Math. Comp",
	title = "{Semi-Lagrangian schemes for linear and fully non-linear diffusion equations}",
	year = "2013"
}

@misc{Bokanowski,
	author = "Olivier, Bokanowski",
	title = "{Using a PDE solver for pricing multi-assets options}",
	year = "2014"
}

@book{Achdou,
	author = "Achdou, Yves and Pironneau, Olivier",
	booktitle = "{Computational Methods for Option Pricing}",
	title = "{Computational Methods for Option Pricing}",
	year = "2005"
}

@misc{BokanowskiLib,
	author = "Bokanowski, Olivier",
	title = "{http://itn-sadco.inria.fr/software/ROC-HJ}"
}

@book{Klebaner,
	author = "Fima, C. Klebaner",
	booktitle = "{Introduction to Stochastic Calculus with Applications}",
	publisher = "Imperial College Press",
	title = "{Introduction to Stochastic Calculus with Applications}",
	year = "2005"
}

@book{Kuo,
	author = "Kuo, Hui-Hsiung",
	booktitle = "{Introduction to Stochastic Integration}",
	publisher = "Springer",
	title = "{Introduction to Stochastic Integration}",
	year = "2000"
}

@article{Menaldi,
	author = "Menaldi, Jose Luis",
	journal = "Siam Journal on Control and Optimization",
	publisher = "SIAM",
	title = "{Some Estimates for Finite Difference Approximations}",
	year = "1989"
}

@article{Fabio,
	author = "Fabio, Camilli and Maurizio, Falcone",
	journal = "ESAIM",
	number = "1",
	pages = "97--122",
	title = "{An approximation scheme for the optimal control of diffusion processes }",
	volume = "29",
	year = "1995"
}

@book{Platen,
	author = "Peter E.Kloeden, Eckhard Platen",
	booktitle = "{Numerical Solutions of Stochastic Differential Equations}",
	publisher = "Springer",
	title = "{Numerical Solutions of Stochastic Differential Equations}",
	year = "1999"
}

