@comment{x-kbibtex-personnameformatting=<%l><, %f>}

@book{BRIGO2006,
	author = "Brigo, Damiano and Fabio, Mercurio",
	booktitle = "{Interest Rate Models - Theory and pratice}",
	edition = "2nd",
	editor = "Spinger",
	publisher = "Springer New York",
	title = "{Interest Rate Models - Theory and pratice}",
	year = "2006"
}

@article{JACKEL2003,
	author = "Peter, Jackel and Riccardo, Rebonato",
	title = "{Linking caplet and swaption volatilites in a BGM framework : approximate solution and empirical evidence}",
	journal = "{Journal of Computational Finance}",
	year = "2003"
}

@book{MAREK2009,
	author = "Marek, Musiela and Marek, Rutkowski",
	booktitle = "{Martingale Methods in Financial Modelling}",
	edition = "2nd",
	editor = "Spinger",
	publisher = "Springer New York",
	title = "{Martingale Methods in Financial Modelling}",
	year = "2009"
}

@misc{THAI2013,
	author = "Adrien, Thai",
	title = "{Off-cycle internship at Lunalogic}",
	year = "2013"
}

@misc{BRIGO2005,
	author = "Brigo, Damiano",
	school = "Bocconi University",
	series = "{Lecture note Fixed Incomes advanced methods}",
	title = "{Lecture note Fixed Incomes advanced methods}",
	year = "2005"
}

@misc{BL2012,
	author = "Bloomber",
	title = "{Buiding the Bloomberg Interest Rate Curve - Definition and Methodology}",
	year = "2012"
}

@misc{PICARDO2014,
	author = "Elvis, Picardo",
	title = "{Learn Simple And Compound Interest}",
	publisher = "Investopedia",
	year = "2014"
}