@Book{NCT1,
author    ={Vivette Girault Pierre-Arnaud Raviart},
title     ={Finite Element Methods for Navier-Stokes Equations},
publisher ={Springer-Verlag},
year      ={1986},
isbn      ={0-387-15796-4},
}

@Book{NCT2,
author    ={Francois Thomasset},
title     ={Implementation of Finite Element Methods for Navier-Stokes Equations},
publisher ={Springer-Verlag},
year      ={1981},
isbn      ={0-387-10771-1},
}

@Book{NCT3,
author    ={R.H.Gallagher G.Carey J.T.Oden O.C.Zienkiewicz},
title     ={Finite Elements in Fluids},
note      ={volume 6},
publisher ={John Wiley Son},
year      ={1985},
isbn      ={0-471-90676-X},
}

@Book{NCT4,
author    ={Denis \bsc{bitouz{\'e}} , Jean-C{\^o}me \bsc{charpentier}},
title     ={\LaTeX{}},
publisher ={PEARSON Education France},
year      ={2006},
isbn      ={2-7440-7187-0},
}

@Unpublished{NCT5,
author    ={Fr{\'e}d{\'e}ric Hecht},
note      ={LJLL},
title     ={\textit{Documentation FreeFem++}}
}

@Unpublished{NCT6,
author    ={Albert Cohen},
note      ={Cours DEA LJLL MN407},
title     ={\textit{Approximation Variationnelle des EDP}}
}
@Book{NCT7,
author    ={Jasmin Blanchette , Mark Summerfield},
title     ={Qt4 et C++ \small{Programmation d'interface GUI}},
publisher ={CampusPress},
year      ={2007},
isbn      ={978-2-7440-2140-4},
}

