@comment{x-kbibtex-personnameformatting=<%l><, %f>}

@misc{michael2004,
	author = "Ward, Doug and Ofri, Tony and Perdriel, Florence",
	editor = "City, Michael Page",
	title = "{Interview preparation for junior quant}",
	year = "2004"
}

@manual{PDGuide,
	author = "Paul and Dominique",
	editor = "PaulDominique",
	title = "{Paul \& Dominique Guide to Quant Career}",
	year = "2007"
}

@manual{advise,
	author = "Joshi, Mark",
	title = "{On Becoming a Quant}",
	year = "2012"
}

