@book{THOMAS,
	author = "Thomas H.Cormen",
	booktitle = "{Introduction to Algorithms}",
	edition = "3nd",
	isbn = "978-0262033848",
	publisher = "MIT Press",
	series = "{Springer Finance}",
	title = "{Mathematics of Financial Markets}",
	year = "2009"
}
