@book{THOMAS,
	author = "Thomas H.Cormen",
	booktitle = "{Introduction to Algorithms}",
	edition = "3nd",
	isbn = "978-0262033848",
	publisher = "MIT Press",
	series = "{Springer Finance}",
	title = "{Mathematics of Financial Markets}",
	year = "2009"
}

@article{ATKINSON186,
author = " 	M.D.Atkinson",
title = "{Min-max heaps and generalized priority queues}",
journal = "{Communications of the ACM}",
year = "1986"
}